<?xml version="1.0" encoding="UTF-8"?><collection xmlns="http://www.loc.gov/MARC21/slim"><record><leader>00328nam--2200121-i-4500</leader><controlfield tag="001">000029412</controlfield><controlfield tag="002">20161230</controlfield><controlfield tag="005">20161230201037</controlfield><controlfield tag="008">060222s1000------------r-----000-0-eng-d</controlfield><datafield ind1=" " ind2=" " tag="100"><subfield code="a">Lecrercq, Rene</subfield></datafield><datafield ind1=" " ind2=" " tag="245"><subfield code="a">Guide theorique et pratique de la recherche experimentale</subfield></datafield><datafield ind1=" " ind2=" " tag="260"><subfield code="a">Paris, Gauthier-villars, 1958. 133p</subfield></datafield><datafield ind1=" " ind2=" " tag="852"><subfield code="a">11560</subfield></datafield></record></collection>